@article{Terpai2011,
  title   =	{Proof of a conjecture of {V}. {N}ikiforov},
  author  =	{T. Terpai},
  journal =	{Combinatorica},
  volume  =	{31},
  number  = {6},
  year    =	{2011},
  pages =	 {739--754},
}

@book{TuXuWang1987,
  author     = {屠伯埙 and 徐诚浩 and 王芬},
  title      = {高等代数},
  address    = {上海},
  publisher  = {上海科学技术出版社},
  year       = {1987},
  pages      = {56--60},
  key        = {zhu2 ke3 zhen1},
}

@book{Lovasz2012,
  author    =	{L. Lov\'asz},
  title     =	{{Large Networks and Graph Limits}},
  publisher =	{American Mathematical Society},
  address   =	{Providence},
  year      =	{2012}
}

@mastersthesis{Nosal1970,
  author     = {E. Nosal},
  title      = {{Eigenvalues of Graphs}},
  address    = {Calgary Alberta},
  school     = {University of Calgary},
  year       = {1970},
}

@inproceedings{dupont1974bone,
  author     = {Dupont, B},
  title      = {Bone marrow transplantation in severe combined immunodeficiency with an unrelated MLC compatible donor},
  editor     = {White, H J and Smith, R},
  booktitle  = {Proceedings of the third annual meeting of the International Society for Experimental Hematology},
  address    = {Houston},
  publisher  = {International Society for Experimental Hematology},
  year       = {1974},
  pages      = {44--46},
}

@patent{jiangxizhou1980,
  author     = {姜锡洲},
  title      = {一种温热外敷药制备方案},
  address    = {中国},
  number     = {88105607.3},
  year       = {1980},
  date       = {1980-07-26},
  key        = {jiang1 xi1 zhou1},
}

@standard{jianduju1994,
  author     = {中华人民共和国国家技术监督局},
  title      = {GB3100-3102. 中华人民共和国国家标准-量与单位},
  address    = {北京},
  publisher  = {中国标准出版社},
  year       = {1994},
  key        = {zhong1 hua2 ren2 min2 gong4 he2 guo2},
}

@incollection{Balogh-Clemen2021,
  author     = {Balogh, J and Clemen, F C and Lidick\'y, B},
  title      = {Max cuts in triangle-free graphs},
  booktitle  = {Trends in Mathematics {\rm (}Extended Abstracts EuroComb{\rm )}},
  address    = {Cham},
  publisher  = {Birkh\"auser},
  year       = {2021},
}

@periodical{tushuguan1957tushuguanxue,
  author     = {中国图书馆学会},
  title      = {图书馆学通讯},
  year       = {1957/1990},
  number     = {1--4},
  address    = {北京},
  publisher  = {北京图书馆},
  key        = {zhong1 guo2 tu2 shu1 guan3 xue2 hui4},
}

@online{Cioaba2021,
  author       = {Cioab\u{a}, S M},
  title        = {The principal eigenvector of a connected graph, in: {S}pectral {G}raph {T}heory {O}nline {C}onference},
  year         = {2021},
  url          = {http://spectralgraphtheory.org/sgt-online-program/},
}

@software{scitor2000project,
  author     = {{Scitor Corporation}},
  title      = {Project scheduler},
  address    = {Sunnyvale, Calif.},
  publisher  = {Scitor Corporation},
  year       = {1983},
  medium     = {DK},
}
